<collection>
  <record>
    <controlfield tag="001">328</controlfield>
    <datafield tag="024" ind1="7" ind2=" ">
      <subfield code="a">10.7483/OPENDATA.ATLAS.ZBP2.M5T8</subfield>
      <subfield code="2">DOI</subfield>
    </datafield>
    <datafield tag="110" ind1=" " ind2=" ">
      <subfield code="a">ATLAS collaboration</subfield>
    </datafield>
    <datafield tag="245" ind1=" " ind2=" ">
      <subfield code="a">Dataset from the ATLAS Higgs Boson Machine Learning Challenge 2014</subfield>
    </datafield>
    <datafield tag="260" ind1=" " ind2=" ">
      <subfield code="b">CERN Open Data Portal</subfield>
      <subfield code="c">2014</subfield>
    </datafield>
    <datafield tag="256" ind1=" " ind2=" ">
      <subfield code="a">Dataset</subfield>
      <subfield code="e">818238</subfield>
      <subfield code="t">events</subfield>
    </datafield>
    <datafield tag="256" ind1=" " ind2=" ">
      <subfield code="f">1</subfield>
      <subfield code="t">file</subfield>
    </datafield>
    <datafield tag="256" ind1=" " ind2=" ">
      <subfield code="b">195543089</subfield>
      <subfield code="t">bytes</subfield>
    </datafield>
    <datafield tag="520" ind1=" " ind2=" ">
      <subfield code="a"><![CDATA[ The dataset has been built from official ATLAS full-detector simulation, with "Higgs to tautau" events mixed with different backgrounds. The simulator has two parts. In the first, random proton-proton collisions are simulated based on the knowledge that we have accumulated on particle physics. It reproduces the random microscopic explosions resulting from the proton-proton collisions. In the second part, the resulting particles are tracked through a virtual model of the detector. The process yields simulated events with properties that mimic the statistical properties of the real events with additional information on what has happened during the collision, before particles are measured in the detector.</p>
      <p>The signal sample contains events in which Higgs bosons (with a fixed mass of 125 GeV) were produced. The background sample was generated by other known processes that can produce events with at least one electron or muon and a hadronic tau, mimicking the signal. For the sake of simplicity, only three background processes were retained for the Challenge. The first comes from the decay of the Z boson (with a mass of 91.2 GeV) into two taus. This decay produces events with a topology very similar to that produced by the decay of a Higgs. The second set contains events with a pair of top quarks, which can have a lepton and a hadronic tau among their decay. The third set involves the decay of the W boson, where one electron or muon and a hadronic tau can appear simultaneously only through imperfections of the particle identification procedure.</p>
      <p>Due to the complexity of the simulation process, each simulated event has a weight that is proportional to the conditional density divided by the instrumental density used by the simulator (an importance-sampling flavour), and normalised for integrated luminosity such that, in any region, the sum of the weights of events falling in the region is an unbiased estimate of the expected number of events falling in the same region during a given fixed time interval. In our case, the weights correspond to the quantity of real data taken during the year 2012. The weights are an artifact of the way the simulation works and so they are not part of the input to the classifier. For the Challenge, weights have been provided in the training set so the AMS can be properly evaluated. Weights were not provided in the qualifying set since the weight distribution of the signal and background sets are very different and so they would give away the label immediately. However, in the opendata.cern.ch dataset, weights and labels have been provided for the complete dataset.</p>]]></subfield>
    </datafield>
    <datafield tag="505" ind1=" " ind2=" ">
      <subfield code="t">EventId</subfield>
      <subfield code="g">An unique integer identifier of the event.</subfield>
    </datafield>
    <datafield tag="505" ind1=" " ind2=" ">
      <subfield code="t">DER_mass_MMC</subfield>
      <subfield code="g">The estimated mass $m_{H}$ of the Higgs boson candidate, obtained through a probabilistic phase space integration.</subfield>
    </datafield>
    <datafield tag="505" ind1=" " ind2=" ">
      <subfield code="t">DER_mass_transverse_met_lep</subfield>
      <subfield code="g">The transverse mass between the missing transverse energy and the lepton.</subfield>
    </datafield>
    <datafield tag="505" ind1=" " ind2=" ">
      <subfield code="t">DER_mass_vis</subfield>
      <subfield code="g">The invariant mass of the hadronic tau and the lepton.</subfield>
    </datafield>
    <datafield tag="505" ind1=" " ind2=" ">
      <subfield code="t">DER_pt_h</subfield>
      <subfield code="g">The modulus of the vector sum of the transverse momentum of the hadronic tau, the lepton and the missing transverse energy vector.</subfield>
    </datafield>
    <datafield tag="505" ind1=" " ind2=" ">
      <subfield code="t">DER_deltaeta_jet_jet</subfield>
      <subfield code="g">The absolute value of the pseudorapidity separation between the two jets (undefined if PRI_jet_num $\leq$ 1).</subfield>
    </datafield>
    <datafield tag="505" ind1=" " ind2=" ">
      <subfield code="t">DER_mass_jet_jet</subfield>
      <subfield code="g">The invariant mass of the two jets (undefined if PRI_jet_num $\leq$ 1).</subfield>
    </datafield>
    <datafield tag="505" ind1=" " ind2=" ">
      <subfield code="t">DER_prodeta_jet_jet</subfield>
      <subfield code="g">The product of the pseudorapidities of the two jets (undefined if PRI_jet_num $\leq$ 1).</subfield>
    </datafield>
    <datafield tag="505" ind1=" " ind2=" ">
      <subfield code="t">DER_deltar_tau_lep</subfield>
      <subfield code="g">The R separation between the hadronic tau and the lepton.</subfield>
    </datafield>
    <datafield tag="505" ind1=" " ind2=" ">
      <subfield code="t">DER_pt_tot</subfield>
      <subfield code="g">The modulus of the vector sum of the missing transverse momenta and the transverse momenta of the hadronic tau, the lepton, the leading jet (if PRI_jet_num $\geq$) and the subleading jet (if PRI jet num = 2) (but not of any additional jets).</subfield>
    </datafield>
    <datafield tag="505" ind1=" " ind2=" ">
      <subfield code="t">DER_sum_pt</subfield>
      <subfield code="g">The sum of the moduli of the transverse momenta of the hadronic tau, the lepton, the leading jet (if PRI jet num $\geq$ 1) and the subleading jet (if PRI jet num = 2) and the other jets (if PRI jet num = 3).</subfield>
    </datafield>
    <datafield tag="505" ind1=" " ind2=" ">
      <subfield code="t">DER_pt_ratio_lep_tau</subfield>
      <subfield code="g">The ratio of the transverse momenta of the lepton and the hadronic tau.</subfield>
    </datafield>
    <datafield tag="505" ind1=" " ind2=" ">
      <subfield code="t">DER_met_phi_centrality</subfield>
      <subfield code="g">The centrality of the azimuthal angle of the missing transverse energy vector w.r.t. the hadronic tau and the lepton.</subfield>
    </datafield>
    <datafield tag="505" ind1=" " ind2=" ">
      <subfield code="t">DER_lep_eta_centrality</subfield>
      <subfield code="g">The centrality of the pseudorapidity of the lepton w.r.t. the two jets (undefined if PRI_jet_num $\leq$ 1).</subfield>
    </datafield>
    <datafield tag="505" ind1=" " ind2=" ">
      <subfield code="t">PRI_tau_pt</subfield>
      <subfield code="g">The transverse momentum $\sqrt{p^{2}_{x} + p^{2}_{y}}$ of the hadronic tau.</subfield>
    </datafield>
    <datafield tag="505" ind1=" " ind2=" ">
      <subfield code="t">PRI_tau_eta</subfield>
      <subfield code="g">The pseudorapidity $\eta$ of the hadronic tau.</subfield>
    </datafield>
    <datafield tag="505" ind1=" " ind2=" ">
      <subfield code="t">PRI_tau_phi</subfield>
      <subfield code="g">The azimuth angle $\phi$ of the hadronic tau.</subfield>
    </datafield>
    <datafield tag="505" ind1=" " ind2=" ">
      <subfield code="t">PRI_lep_pt</subfield>
      <subfield code="g">The transverse momentum $\sqrt{p^{2}_{x} + p^{2}_{y}}$ of the lepton (electron or muon).</subfield>
    </datafield>
    <datafield tag="505" ind1=" " ind2=" ">
      <subfield code="t">PRI_lep_eta</subfield>
      <subfield code="g">The pseudorapidity $\eta$ of the lepton.</subfield>
    </datafield>
    <datafield tag="505" ind1=" " ind2=" ">
      <subfield code="t">PRI_lep_phi</subfield>
      <subfield code="g">The azimuth angle $\phi$ of the lepton.</subfield>
    </datafield>
    <datafield tag="505" ind1=" " ind2=" ">
      <subfield code="t">PRI_met</subfield>
      <subfield code="g">The missing transverse energy $\overrightarrow{E}^{miss}_{T}$</subfield>
    </datafield>
    <datafield tag="505" ind1=" " ind2=" ">
      <subfield code="t">PRI_met_phi</subfield>
      <subfield code="g">The azimuth angle $\phi$ of the mssing transverse energy</subfield>
    </datafield>
    <datafield tag="505" ind1=" " ind2=" ">
      <subfield code="t">PRI_met_sumet</subfield>
      <subfield code="g">The total transverse energy in the detector.</subfield>
    </datafield>
    <datafield tag="505" ind1=" " ind2=" ">
      <subfield code="t">PRI_jet_num</subfield>
      <subfield code="g">The number of jets (integer with value of 0, 1, 2 or 3; possible larger values have been capped at 3).</subfield>
    </datafield>
    <datafield tag="505" ind1=" " ind2=" ">
      <subfield code="t">PRI_jet_leading_pt</subfield>
      <subfield code="g">The transverse momentum $\sqrt{p^{2}_{x} + p^{2}_{y}}$ of the leading jet, that is the jet with largest transverse momentum (undefined if PRI_jet_num = 0).</subfield>
    </datafield>
    <datafield tag="505" ind1=" " ind2=" ">
      <subfield code="t">PRI_jet_leading_eta</subfield>
      <subfield code="g">The pseudorapidity $\eta$ of the leading jet (undefined if PRI jet num = 0).</subfield>
    </datafield>
    <datafield tag="505" ind1=" " ind2=" ">
      <subfield code="t">PRI_jet_leading_phi</subfield>
      <subfield code="g">The azimuth angle $\phi$ of the leading jet (undefined if PRI jet num = 0).</subfield>
    </datafield>
    <datafield tag="505" ind1=" " ind2=" ">
      <subfield code="t">PRI_jet_subleading_pt</subfield>
      <subfield code="g">The transverse momentum $\sqrt{p^{2}_{x} + p^{2}_{y}}$ of the leading jet, that is, the jet with second largest transverse momentum (undefined if PRI_jet_num $\leq$ 1).</subfield>
    </datafield>
    <datafield tag="505" ind1=" " ind2=" ">
      <subfield code="t">PRI_jet_subleading_eta</subfield>
      <subfield code="g">The pseudorapidity $\eta$ of the subleading jet (undefined if PRI_jet_num $\leq$ 1).</subfield>
    </datafield>
    <datafield tag="505" ind1=" " ind2=" ">
      <subfield code="t">PRI_jet_subleading_phi</subfield>
      <subfield code="g">The azimuth angle $\phi$ of the subleading jet (undefined if PRI_jet_num $\leq$ 1).</subfield>
    </datafield>
    <datafield tag="505" ind1=" " ind2=" ">
      <subfield code="t">PRI_jet_all_pt</subfield>
      <subfield code="g">The scalar sum of the transverse momentum of all the jets of the events.</subfield>
    </datafield>
    <datafield tag="505" ind1=" " ind2=" ">
      <subfield code="t">Weight</subfield>
      <subfield code="g">The event weight $w_{i}$</subfield>
    </datafield>
    <datafield tag="505" ind1=" " ind2=" ">
      <subfield code="t">Label</subfield>
      <subfield code="g">The event label (string) $y_{i}$ $\in$ $\{s,b\}$ (s for signal, b for background).</subfield>
    </datafield>
    <datafield tag="505" ind1=" " ind2=" ">
      <subfield code="t">KaggleSet</subfield>
      <subfield code="g">String specifying to which Kaggle set the event belongs : ”t”:training, ”b”:public leaderboard, ”v”:private leaderboard,”u”:unused.</subfield>
    </datafield>
    <datafield tag="505" ind1=" " ind2=" ">
      <subfield code="t">KaggleWeight</subfield>
      <subfield code="g">Weight normalised within each Kaggle dataset.</subfield>
    </datafield>
    <datafield tag="581" ind1=" " ind2=" ">
      <subfield code="a">This dataset is an extended version of the data provided for the Higgs Boson Machine Learning Challenge on Kaggle. For more information</subfield>
      <subfield code="w">329</subfield>
      <subfield code="y">Go to the Higgs Machine Learning documentation</subfield>
    </datafield>
    <datafield tag="500" ind1=" " ind2=" ">
      <subfield code="a"><![CDATA[ <p>The evaluation metric is the <em>approximate median significance</em> (AMS):</p>
      <p>\[ \text{AMS} = \sqrt{2\left((s+b+b_r) \log \left(1 + \frac{s}{b + b_r}\right)-s\right)}\]</p>
      <p>where</p>
      <ul>
      <li>$s, b$: unnormalised true positive and false positive rates, respectively,</li>
      <li>$b_r =10$ is the constant regularisation term,</li>
      <li>$\log$ is the natural log.</li>
      </ul>
      <p>More precisely, let $(y_1, \ldots, y_n) \in \{\text{b},\text{s}\}^n$ be the vector of true test labels, let $(\hat{y}_1, \ldots, \hat{y}_n) \in \{\text{b},\text{s}\}^n$ be the vector of predicted (submitted) test labels, and let $(w_1, \ldots, w_n) \in {\mathbb{R}^+}^n$ be the vector of weights. Then</p>
      <p>\[ s = \sum_{i=1}^n w_i\mathbb{1}\{y_i = \text{s}\} \mathbb{1}\{\hat{y}_i = \text{s}\} \]</p>
      <p>and</p>
      <p>\[ b = \sum_{i=1}^n w_i\mathbb{1}\{y_i = \text{b}\} \mathbb{1}\{\hat{y}_i = \text{s}\}, \]</p>
      <p>where the indicator function $\mathbb{1}\{A\}$ is 1 if its argument $A$ is true and 0 otherwise.</p>
      <p>For more information on the statistical model and the derivation of the metric, see the documentation.</p> ]]></subfield>
    </datafield>
    <datafield tag="567" ind1=" " ind2=" ">
      <subfield code="a">The events were selected from simulated events passing the single electron or single muon trigger. Each event has an identified electron or muon and an identified hadronic tau, and should not have a b-tagged jet.</subfield>
    </datafield>
    <datafield tag="583" ind1=" " ind2=" ">
      <subfield code="a">Repeating the ATLAS "Higgs to tautau" analysis (as documented in the reference document, see documentation) on the dataset allow to reproduce approximately the event yields quoted for signal and background. The event yields cannot be reproduced exactly because data driven corrections have not been applied (see documentation for more details). </subfield>
    </datafield>
    <datafield tag="653" ind1=" " ind2=" ">
      <subfield code="a">ATLAS Higgs Challenge 2014</subfield>
    </datafield>
    <datafield tag="693" ind1=" " ind2=" ">
      <subfield code="a">CERN-LHC</subfield>
      <subfield code="e">ATLAS</subfield>
    </datafield>
    <datafield tag="856" ind1="4" ind2=" ">
      <subfield code="u">https://www.kaggle.com/c/higgs-boson</subfield>
      <subfield code="y">Go to the Higgs Boson Machine Learning Challenge on Kaggle</subfield>
    </datafield>
    <datafield tag="856" ind1="4" ind2=" ">
      <subfield code="u">http://higgsml.lal.in2p3.fr</subfield>
    </datafield>
    <datafield tag="980" ind1=" " ind2=" ">
      <subfield code="a">ATLAS-Higgs-Challenge-2014</subfield>
    </datafield>
    <datafield tag="FFT" ind1=" " ind2=" ">
      <subfield code="a">/tmp/opendata.cern.ch-fft-file-cache/atlas-higgs-challenge-2014/atlas-higgs-challenge-2014-v2.csv.gz</subfield>
    </datafield>
  </record>