
  <record>
    <controlfield tag="001">329</controlfield>
    <datafield tag="024" ind1="7" ind2=" ">
      <subfield code="a">10.7483/OPENDATA.ATLAS.MQ5J.GHXA</subfield>
      <subfield code="2">DOI</subfield>
    </datafield>
    <datafield tag="100" ind1=" " ind2=" ">
      <subfield code="a">Adam-Bourdarios, Claire</subfield>
      <subfield code="u">LAL, IN2P3/CNRS &amp; University Paris-Sud, France</subfield>
    </datafield>
    <datafield tag="245" ind1=" " ind2=" ">
      <subfield code="a">Learning to discover: the Higgs boson machine learning challenge - Documentation</subfield>
    </datafield>
    <datafield tag="260" ind1=" " ind2=" ">
      <subfield code="b">CERN Open Data Portal</subfield>
      <subfield code="c">2014</subfield>
    </datafield>
    <datafield tag="520" ind1=" " ind2=" ">
      <subfield code="a">A documentation for the Challenge is provided, with just the sufficient level of explanation for people without any background in physics or machine learning. </subfield>
    </datafield>
    <datafield tag="516" ind1=" " ind2=" ">
      <subfield code="a">The data described in this documentation is available at</subfield>
      <subfield code="w">328</subfield>
      <subfield code="y">Go to the Higgs Machine Learning data</subfield>
    </datafield>
    <datafield tag="653" ind1=" " ind2=" ">
      <subfield code="a">ATLAS Higgs Challenge 2014</subfield>
    </datafield>
    <datafield tag="693" ind1=" " ind2=" ">
      <subfield code="a">CERN-LHC</subfield>
      <subfield code="e">ATLAS</subfield>
    </datafield>
    <datafield tag="700" ind1=" " ind2=" ">
      <subfield code="a">Cowan, Glen</subfield>
      <subfield code="u">Physics Department, Royal Holloway, University of London, UK</subfield>
    </datafield>
    <datafield tag="700" ind1=" " ind2=" ">
      <subfield code="a">Germain, Cecile</subfield>
      <subfield code="u">TAO team, INRIA &amp; LRI, CNRS &amp; University Paris-Sud, France</subfield>
    </datafield>
    <datafield tag="700" ind1=" " ind2=" ">
      <subfield code="a">Guyon, Isabelle</subfield>
      <subfield code="u">ChaLearn</subfield>
    </datafield>
    <datafield tag="700" ind1=" " ind2=" ">
      <subfield code="a">Kégl, Balázs</subfield>
      <subfield code="u">LAL, IN2P3/CNRS &amp; University Paris-Sud, France</subfield>
      <subfield code="u">TAO team, INRIA &amp; LRI, CNRS &amp; University Paris-Sud, France</subfield>
    </datafield>
    <datafield tag="700" ind1=" " ind2=" ">
      <subfield code="a">Rousseau, David</subfield>
      <subfield code="u">LAL, IN2P3/CNRS &amp; University Paris-Sud, France</subfield>
    </datafield>
    <datafield tag="856" ind1="4" ind2=" ">
      <subfield code="u">https://www.kaggle.com/c/higgs-boson</subfield>
      <subfield code="y">Go to the Higgs Boson Machine Learning Challenge on Kaggle</subfield>
    </datafield>
    <datafield tag="856" ind1="4" ind2=" ">
      <subfield code="u">http://higgsml.lal.in2p3.fr</subfield>
    </datafield>
    <datafield tag="980" ind1=" " ind2=" ">
      <subfield code="a">ATLAS-Higgs-Challenge-2014</subfield>
    </datafield>
    <datafield tag="FFT" ind1=" " ind2=" ">
      <subfield code="a">/tmp/opendata.cern.ch-fft-file-cache/atlas-higgs-challenge-2014/atlas-higgs-challenge-2014.pdf</subfield>
    </datafield>
  </record>